@misc{ 
	PVA,
	Author = "",
	Title = "Paralyzed Veterans of America",
	Howpublished = "http://www.pva.org"
}

@misc{ 
	SIGKDD-ACM,
	Author = "",
	Title = "SIGKDD-ACM",
	Howpublished = "http://www.sigkdd.org/"
}

@misc{ 
	KDD-CUP,
	Author = "",
	Title = "KDD CUP",
	Howpublished = "http://www.sigkdd.org/kddcup/index.php"
}

@misc{ 
	KDD-CUP-1998,
	Author = "",
	Title = "KDD-CUP-1998",
	Howpublished = "http://www.sigkdd.org/kddcup/index.php?section=1998&method=info"
}

@misc{ 
	R,
	Author = "R",
	Title = "The R Project for Statistical Computing",
	Howpublished = "http://www.r-project.org/"
}

@misc{ 
	WEKA,
	Author = "",
	Title = "WEKA",
	Howpublished = "http://www.cs.waikato.ac.nz/ml/weka/"
}

@misc{ 
	SMOTE,
	Author = "",
	Title = "Synthetic Minority Over-Sampling Technique",
	Howpublished = "http://www.jair.org/media/953/live-953-2037-jair.pdf"
}
